@book{Bold,
  title={Famous Problems of Geometry and How to Solve Them},
  author={Bold, Benjamin},
  year={1982},
  publisher={Courier Corporation}
}
@article{kuh,
  title={Constructible Regular n-gons},
  author={Kuh, Devin},
  journal={Senior Project Archive},
  pages={1--36},
  year={2013}
}
@book{hardy,
  title={An Introduction to the Theory of Numbers},
  author={Hardy, Godfrey Harold and Wright, Edward Maitland and others},
  year={1979},
  publisher={Oxford university press}
}
@book{vinogradov,
  title={Elements of Number Theory},
  author={Vinogradov, Ivan Matveevich},
  year={2016},
  publisher={Courier Dover Publications}
}
@article{Weisstein,
  title={Cyclotomic Polynomial},
  author={Weisstein, Eric W.},
  journal={MathWorld},
  year={2022}
}
@book{dummit,
  title={Abstract algebra},
  author={Dummit, David S and Foote, Richard M},
  volume={1999},
  year={1991},
  publisher={Prentice Hall Englewood Cliffs, NJ}
}
